@article{Lit1,
author = {Sawerwain M},
title = {OpenCL. Akceleracja GPU w praktyce},
year = {2014},
journaltitle = {PWN}
}

@article{Lit2,
author = {Munshi A},
title = {The OpenCL Specification},
year = {2012},
journaltitle = {Khronos OpenCL Working Group}
}

@article{Lit3,
author = {Tay R},
title = {OpenCL Parallel Programming Development Cookbook},
year = {2013},
journaltitle = {PACKT}
}

@article{Lit4,
author = {Fang J Huang C Tang T Wang Z},
title = {Parallel Programming Models for Heterogeneous Many-Cores},
year = {2020},
journaltitle = {A Survey, preprint,}
}

@article{AdrenoVsMali,
author = {Daniel Brown},
year = {2017},
title = {Adreno or Mali What is Better},
journaltitle = {wovow.org}
}
@manual{OpenCLProgramingGuide,
title = {https://rocmdocs.amd.com/en/latest/Programming\_Guides/Opencl-programming-guide.html}
}
@manual{SIMD,
title = {https://en.wikipedia.org/wiki/SIMD}
}
@manual{Loader,
title = {https://bashbaug.github.io/opencl/2019/07/06/OpenCL-On-Linux.html}
}
@manual{CameraApi,
title = {https://developer.android.com/guide/topics/media/camera}
}
@manual{Graysale,
title = {https://www.tutorialspoint.com/dip/grayscale\_to\_rgb\_conversion.htm}
}
@manual{MaxRgb,
title = {https://www.pyimagesearch.com/2015/09/28/implementing-the-max-rgb-filter-in-opencv/}
}
@manual{Avg,
title = {https://ai.stanford.edu/~syyeung/cvweb/tutorial1.html}
}
@manual{EGL20,
title = {https://developer.android.com/reference/android/opengl/GLES20}
}
@manual{Adreno,
title = {https://en.wikipedia.org/wiki/Adreno}
}
@manual{Mali,
title = {https://en.wikipedia.org/wiki/Mali\_(GPU)}
}
@manual{LoaderStub,
title = {https://github.com/krrishnarraj/libopencl-stub}
}
@manual{CLGLSharing,
title = {https://www.khronos.org/registry/OpenCL/sdk/2.2/docs/man/html/cl\_khr\_gl\_sharing.html}
}
@manual{Flops,
title = {https://pl.wikipedia.org/wiki/FLOPS}
}

