@article{example_1,
author = {Autor Artykulu 1, Autor Artykulu 2},
title = {Fajny albo i nie artykuł},
year = {2016},
journaltitle = {WETI PG}
}

@online{example_2,
	author = {Jakis ziomek w internetach},
	title = {Przykładowy artykuł online},
	year = {2016},
	url = {https://pl.wikipedia.org/wiki/BibTeX},
	note = {Dostęp 8.12.2016}
}

